@inproceedings{KNP11,
author={M. Kwiatkowska and G. Norman and D. Parker},
title={{PRISM} 4.0: Verification of Probabilistic Real-time Systems},
booktitle={Proc. 23rd International Conference on Computer Aided Verification (CAV'11)},
year={2011},

editor={G. Gopalakrishnan and S. Qadeer},
pages={585--591},
organization={},
publisher={Springer},
series={LNCS},
volume={6806},
address={},
month={},
note={},
key={}
}

@inproceedings{KNP02,
author={M. Kwiatkowska and G. Norman and D. Parker},
title={{PRISM}: Probabilistic Symbolic Model Checker},
booktitle={InComputer Performance Evaluation, Modelling Techniques and Tools 12th International Conference},
year={2002},
editor={Tony Field, Peter G. Harrison, Jeremy T. Bradley, and Uli Harder},
pages={200--204},
organization={},
publisher={Springer},
series={},
volume={2324},
address={},
month={},
note={},
key={}
}

@book{BK07,
  author    = {Christel Baier and Joost-Pieter Katoen},
  title     = {Principles of Model Checking},
  year      = {2008},
  publisher = {Massachusetts Institute of Technology},
  isbn      = {978-0-262-02649-9}
}

@article{LT93,
    author = "Nancy G. Leveson and Clark S. Turner",
    title = "An Investigation of the Therac-25 Accidents",
    journal = "IEEE Computer",
    volume = "26",
    number = "7",
    pages = "18--41",
    year = "1993"
}

@article{Lan96,
    author  = {GÃ©rard Le Lann},
    title   = {The Ariane 5 Flight 501 Failure: A Case Study in System Engineering for Computing Systems},
    year    = {1996},
    journal = {Rapport de recherche},
    volume  = {3079}
}

@article{HH94,
    author    = {Hans Hansson and Bengt Jonsson},
    title     = {A Logic for Reasoning about Time and Probability},
    journal   = {Formal Aspects of Computing},
    volume    = {6},
    number    = {5},
    pages     = {512--535},
    year      = {1994},
    publisher = {Springer}
}

@inproceedings{ASSB96,
  author    = {Adnan Aziz and Kumud Sanwal and Vigyan Singhal and Robert Brayton},
  title     = {Verifying Continuous Time Markov Chains},
  booktitle = {Proceedings of the 8th International Conference on Computer Aided Verification (CAV '96)},
  series    = {Lecture Notes in Computer Science},
  volume    = {1102},
  pages     = {269--276},
  year      = {1996},
  publisher = {Springer}
}

@inproceedings{BKH99,
  author    = {Christel Baier and Joost-Pieter Katoen and Holger Hermanns},
  title     = {Approximate Symbolic Model Checking of Continuous-Time Markov Chains},
  booktitle = {Proceedings of the 10th International Conference on Concurrency Theory (CONCUR '99)},
  series    = {Lecture Notes in Computer Science},
  volume    = {1664},
  pages     = {146--161},
  year      = {1999},
  publisher = {Springer}
}
